%! Author = Thibault
%! Date = 03/05/2023

